@inproceedings{DBLP:conf/asplos/NguyenWBFHX15,
  author    = {Khanh Nguyen and
               Kai Wang and
               Yingyi Bu and
               Lu Fang and
               Jianfei Hu and
               Guoqing (Harry) Xu},
  editor    = {{\"{O}}zcan {\"{O}}zturk and
               Kemal Ebcioglu and
               Sandhya Dwarkadas},
  title     = {{FACADE:} {A} Compiler and Runtime for (Almost) Object-Bounded Big
               Data Applications},
  booktitle = {Proceedings of the Twentieth International Conference on Architectural
               Support for Programming Languages and Operating Systems, {ASPLOS}
               '15, Istanbul, Turkey, March 14-18, 2015},
  pages     = {675--690},
  publisher = {{ACM}},
  year      = {2015},
  url       = {https://doi.org/10.1145/2694344.2694345},
  doi       = {10.1145/2694344.2694345},
  timestamp = {Mon, 12 Oct 2020 12:40:43 +0200},
  biburl    = {https://dblp.org/rec/conf/asplos/NguyenWBFHX15.bib},
  bibsource = {dblp computer science bibliography, https://dblp.org}
}

@inproceedings{DBLP:conf/hotos/GogGSVVRCMHI15,
  author    = {Ionel Gog and
               Jana Giceva and
               Malte Schwarzkopf and
               Kapil Vaswani and
               Dimitrios Vytiniotis and
               Ganesan Ramalingam and
               Manuel Costa and
               Derek Gordon Murray and
               Steven Hand and
               Michael Isard},
  editor    = {George Candea},
  title     = {Broom: Sweeping Out Garbage Collection from Big Data Systems},
  booktitle = {15th Workshop on Hot Topics in Operating Systems, HotOS XV, Kartause
               Ittingen, Switzerland, May 18-20, 2015},
  publisher = {{USENIX} Association},
  year      = {2015},
  url       = {https://www.usenix.org/conference/hotos15/workshop-program/presentation/gog},
  timestamp = {Wed, 04 Jul 2018 13:06:34 +0200},
  biburl    = {https://dblp.org/rec/conf/hotos/GogGSVVRCMHI15.bib},
  bibsource = {dblp computer science bibliography, https://dblp.org}
}

@inproceedings{DBLP:conf/asplos/MaasA0K16,
  author    = {Martin Maas and
               Krste Asanovic and
               Tim Harris and
               John Kubiatowicz},
  editor    = {Tom Conte and
               Yuanyuan Zhou},
  title     = {Taurus: {A} Holistic Language Runtime System for Coordinating Distributed
               Managed-Language Applications},
  booktitle = {Proceedings of the Twenty-First International Conference on Architectural
               Support for Programming Languages and Operating Systems, {ASPLOS}
               '16, Atlanta, GA, USA, April 2-6, 2016},
  pages     = {457--471},
  publisher = {{ACM}},
  year      = {2016},
  url       = {https://doi.org/10.1145/2872362.2872386},
  doi       = {10.1145/2872362.2872386},
  timestamp = {Fri, 08 May 2020 10:42:20 +0200},
  biburl    = {https://dblp.org/rec/conf/asplos/MaasA0K16.bib},
  bibsource = {dblp computer science bibliography, https://dblp.org}
}

@inproceedings{DBLP:conf/osdi/LionCSZGY16,
  author    = {David Lion and
               Adrian Chiu and
               Hailong Sun and
               Xin Zhuang and
               Nikola Grcevski and
               Ding Yuan},
  editor    = {Kimberly Keeton and
               Timothy Roscoe},
  title     = {Don't Get Caught in the Cold, Warm-up Your {JVM:} Understand and Eliminate
               {JVM} Warm-up Overhead in Data-Parallel Systems},
  booktitle = {12th {USENIX} Symposium on Operating Systems Design and Implementation,
               {OSDI} 2016, Savannah, GA, USA, November 2-4, 2016},
  pages     = {383--400},
  publisher = {{USENIX} Association},
  year      = {2016},
  url       = {https://www.usenix.org/conference/osdi16/technical-sessions/presentation/lion},
  timestamp = {Tue, 29 Jan 2019 17:35:36 +0100},
  biburl    = {https://dblp.org/rec/conf/osdi/LionCSZGY16.bib},
  bibsource = {dblp computer science bibliography, https://dblp.org}
}

@inproceedings{DBLP:conf/asplos/NguyenFNXDL18,
  author    = {Khanh Nguyen and
               Lu Fang and
               Christian Navasca and
               Guoqing (Harry) Xu and
               Brian Demsky and
               Shan Lu},
  editor    = {Xipeng Shen and
               James Tuck and
               Ricardo Bianchini and
               Vivek Sarkar},
  title     = {Skyway: Connecting Managed Heaps in Distributed Big Data Systems},
  booktitle = {Proceedings of the Twenty-Third International Conference on Architectural
               Support for Programming Languages and Operating Systems, {ASPLOS}
               2018, Williamsburg, VA, USA, March 24-28, 2018},
  pages     = {56--69},
  publisher = {{ACM}},
  year      = {2018},
  url       = {https://doi.org/10.1145/3173162.3173200},
  doi       = {10.1145/3173162.3173200},
  timestamp = {Mon, 12 Oct 2020 12:40:37 +0200},
  biburl    = {https://dblp.org/rec/conf/asplos/NguyenFNXDL18.bib},
  bibsource = {dblp computer science bibliography, https://dblp.org}
}

@inproceedings{DBLP:conf/sosp/NavascaCNDLKX19,
  author    = {Christian Navasca and
               Cheng Cai and
               Khanh Nguyen and
               Brian Demsky and
               Shan Lu and
               Miryung Kim and
               Guoqing Harry Xu},
  editor    = {Tim Brecht and
               Carey Williamson},
  title     = {Gerenuk: thin computation over big native data using speculative program
               transformation},
  booktitle = {Proceedings of the 27th {ACM} Symposium on Operating Systems Principles,
               {SOSP} 2019, Huntsville, ON, Canada, October 27-30, 2019},
  pages     = {538--553},
  publisher = {{ACM}},
  year      = {2019},
  url       = {https://doi.org/10.1145/3341301.3359643},
  doi       = {10.1145/3341301.3359643},
  timestamp = {Mon, 12 Oct 2020 12:40:34 +0200},
  biburl    = {https://dblp.org/rec/conf/sosp/NavascaCNDLKX19.bib},
  bibsource = {dblp computer science bibliography, https://dblp.org}
}

